{
  "leader": "03325cam a2200817 a 4500",
  "fields": [
    {
      "001": "ocm10484094\\"
    },
    {
      "003": "OCoLC"
    },
    {
      "005": "20211119112732.0"
    },
    {
      "008": "830629m19009999sz\\\\\\\\\\\\\\d\\\\\\\\001\\0\\eng\\\\"
    },
    {
      "010": {
        "ind1": "\\",
        "ind2": "\\",
        "subfields": [
          {
            "a": "   83167483 "
          }
        ]
      }
    },
    {
      "040": {
        "ind1": "\\",
        "ind2": "\\",
        "subfields": [
          {
            "a": "DLC"
          },
          {
            "b": "eng"
          },
          {
            "c": "DLC"
          },
          {
            "d": "CUX"
          },
          {
            "d": "OCL"
          },
          {
            "d": "OCLCQ"
          },
          {
            "d": "LVB"
          },
          {
            "d": "NLM"
          },
          {
            "d": "CUY"
          },
          {
            "d": "YDXCP"
          },
          {
            "d": "OCLCQ"
          },
          {
            "d": "OCLCF"
          },
          {
            "d": "OCLCO"
          },
          {
            "d": "OCLCQ"
          },
          {
            "d": "OCLCA"
          },
          {
            "d": "OCLCO"
          }
        ]
      }
    },
    {
      "016": {
        "ind1": "7",
        "ind2": "\\",
        "subfields": [
          {
            "a": "8408585"
          },
          {
            "2": "DNLM"
          }
        ]
      }
    },
    {
      "019": {
        "ind1": "\\",
        "ind2": "\\",
        "subfields": [
          {
            "a": "639174792"
          }
        ]
      }
    },
    {
      "020": {
        "ind1": "\\",
        "ind2": "\\",
        "subfields": [
          {
            "a": "9290360119"
          },
          {
            "q": "(pbk. ;"
          },
          {
            "q": "v. 2)"
          }
        ]
      }
    },
    {
      "020": {
        "ind1": "\\",
        "ind2": "\\",
        "subfields": [
          {
            "a": "9789290360117"
          },
          {
            "q": "(pbk. ;"
          },
          {
            "q": "v. 2)"
          }
        ]
      }
    },
    {
      "020": {
        "ind1": "\\",
        "ind2": "\\",
        "subfields": [
          {
            "a": "9789290340225"
          },
          {
            "q": "(v. 2, pt. 1)"
          }
        ]
      }
    },
    {
      "020": {
        "ind1": "\\",
        "ind2": "\\",
        "subfields": [
          {
            "a": "9290340223"
          },
          {
            "q": "(v. 2, pt. 1)"
          }
        ]
      }
    },
    {
      "020": {
        "ind1": "\\",
        "ind2": "\\",
        "subfields": [
          {
            "a": "9789290360070"
          },
          {
            "q": "(v. 2, pt. 2)"
          }
        ]
      }
    },
    {
      "020": {
        "ind1": "\\",
        "ind2": "\\",
        "subfields": [
          {
            "a": "9290360070"
          },
          {
            "q": "(v. 2, pt. 2)"
          }
        ]
      }
    },
    {
      "020": {
        "ind1": "\\",
        "ind2": "\\",
        "subfields": [
          {
            "a": "9789290360322"
          },
          {
            "q": "(v. 2, pt. 4 ;"
          },
          {
            "q": "CIOMS)"
          }
        ]
      }
    },
    {
      "020": {
        "ind1": "\\",
        "ind2": "\\",
        "subfields": [
          {
            "a": "9290360321"
          },
          {
            "q": "(v. 2, pt. 4 ;"
          },
          {
            "q": "CIOMS)"
          }
        ]
      }
    },
    {
      "020": {
        "ind1": "\\",
        "ind2": "\\",
        "subfields": [
          {
            "a": "9789241542227"
          },
          {
            "q": "(v. 2, pt. 4 ;"
          },
          {
            "q": "WHO)"
          }
        ]
      }
    },
    {
      "020": {
        "ind1": "\\",
        "ind2": "\\",
        "subfields": [
          {
            "a": "9241542225"
          },
          {
            "q": "(v. 2, pt. 4 ;"
          },
          {
            "q": "WHO)"
          }
        ]
      }
    },
    {
      "020": {
        "ind1": "\\",
        "ind2": "\\",
        "subfields": [
          {
            "a": "9789290360414"
          },
          {
            "q": "(v. 4 ;"
          },
          {
            "q": "COIMS)"
          }
        ]
      }
    },
    {
      "020": {
        "ind1": "\\",
        "ind2": "\\",
        "subfields": [
          {
            "a": "9290360410"
          },
          {
            "q": "(v. 4 ;"
          },
          {
            "q": "COIMS)"
          }
        ]
      }
    },
    {
      "020": {
        "ind1": "\\",
        "ind2": "\\",
        "subfields": [
          {
            "a": "9789241544092"
          },
          {
            "q": "(v. 4 ;"
          },
          {
            "q": "WHO)"
          }
        ]
      }
    },
    {
      "020": {
        "ind1": "\\",
        "ind2": "\\",
        "subfields": [
          {
            "a": "9241544090"
          },
          {
            "q": "(v. 4 ;"
          },
          {
            "q": "WHO)"
          }
        ]
      }
    },
    {
      "020": {
        "ind1": "\\",
        "ind2": "\\",
        "subfields": [
          {
            "a": "9789290360377"
          },
          {
            "q": "(v. 5 ;"
          },
          {
            "q": "CIOMS)"
          }
        ]
      }
    },
    {
      "020": {
        "ind1": "\\",
        "ind2": "\\",
        "subfields": [
          {
            "a": "9290360372"
          },
          {
            "q": "(v. 5 ;"
          },
          {
            "q": "CIOMS)"
          }
        ]
      }
    },
    {
      "020": {
        "ind1": "\\",
        "ind2": "\\",
        "subfields": [
          {
            "a": "9789241542524"
          },
          {
            "q": "(v. 5 ;"
          },
          {
            "q": "WHO)"
          }
        ]
      }
    },
    {
      "020": {
        "ind1": "\\",
        "ind2": "\\",
        "subfields": [
          {
            "a": "9241542527"
          },
          {
            "q": "(v. 5 ;"
          },
          {
            "q": "WHO)"
          }
        ]
      }
    },
    {
      "020": {
        "ind1": "\\",
        "ind2": "\\",
        "subfields": [
          {
            "a": "9789290360452"
          },
          {
            "q": "(v. 6 ;"
          },
          {
            "q": "CIOMS)"
          }
        ]
      }
    },
    {
      "020": {
        "ind1": "\\",
        "ind2": "\\",
        "subfields": [
          {
            "a": "9290360453"
          },
          {
            "q": "(v. 6 ;"
          },
          {
            "q": "CIOMS)"
          }
        ]
      }
    },
    {
      "020": {
        "ind1": "\\",
        "ind2": "\\",
        "subfields": [
          {
            "a": "9789241544320"
          },
          {
            "q": "(v. 6 ;"
          },
          {
            "q": "WHO)"
          }
        ]
      }
    },
    {
      "020": {
        "ind1": "\\",
        "ind2": "\\",
        "subfields": [
          {
            "a": "9241544325"
          },
          {
            "q": "(v. 6 ;"
          },
          {
            "q": "WHO)"
          }
        ]
      }
    },
    {
      "020": {
        "ind1": "\\",
        "ind2": "\\",
        "subfields": [
          {
            "a": "9789290360506"
          },
          {
            "q": "(v. 7 ;"
          },
          {
            "q": "CIOMS)"
          }
        ]
      }
    },
    {
      "020": {
        "ind1": "\\",
        "ind2": "\\",
        "subfields": [
          {
            "a": "929036050X"
          },
          {
            "q": "(v. 7 ;"
          },
          {
            "q": "CIOMS)"
          }
        ]
      }
    },
    {
      "020": {
        "ind1": "\\",
        "ind2": "\\",
        "subfields": [
          {
            "a": "9789241544412"
          },
          {
            "q": "(v. 7 ;"
          },
          {
            "q": "WHO)"
          }
        ]
      }
    },
    {
      "020": {
        "ind1": "\\",
        "ind2": "\\",
        "subfields": [
          {
            "a": "9241544414"
          },
          {
            "q": "(v. 7 ;"
          },
          {
            "q": "WHO)"
          }
        ]
      }
    },
    {
      "020": {
        "ind1": "\\",
        "ind2": "\\",
        "subfields": [
          {
            "a": "9789290360445"
          },
          {
            "q": "(v. 8 ;"
          },
          {
            "q": "CIOMS)"
          }
        ]
      }
    },
    {
      "020": {
        "ind1": "\\",
        "ind2": "\\",
        "subfields": [
          {
            "a": "9290360445"
          },
          {
            "q": "(v. 8 ;"
          },
          {
            "q": "CIOMS)"
          }
        ]
      }
    },
    {
      "020": {
        "ind1": "\\",
        "ind2": "\\",
        "subfields": [
          {
            "a": "9789241544238"
          },
          {
            "q": "(v. 8 ;"
          },
          {
            "q": "WHO)"
          }
        ]
      }
    },
    {
      "020": {
        "ind1": "\\",
        "ind2": "\\",
        "subfields": [
          {
            "a": "9241544236"
          },
          {
            "q": "(v. 8 ;"
          },
          {
            "q": "WHO)"
          }
        ]
      }
    },
    {
      "020": {
        "ind1": "\\",
        "ind2": "\\",
        "subfields": [
          {
            "a": "9789290360018"
          },
          {
            "q": "(v. 3 ;"
          },
          {
            "q": "CIOMS)"
          }
        ]
      }
    },
    {
      "020": {
        "ind1": "\\",
        "ind2": "\\",
        "subfields": [
          {
            "a": "9290360011"
          },
          {
            "q": "(v. 3 ;"
          },
          {
            "q": "CIOMS)"
          }
        ]
      }
    },
    {
      "035": {
        "ind1": "\\",
        "ind2": "\\",
        "subfields": [
          {
            "a": "(OCoLC)10484094"
          },
          {
            "z": "(OCoLC)639174792"
          }
        ]
      }
    },
    {
      "050": {
        "ind1": "0",
        "ind2": "4",
        "subfields": [
          {
            "a": "RC114.5"
          },
          {
            "b": ".I54 1983"
          }
        ]
      }
    },
    {
      "060": {
        "ind1": "0",
        "ind2": "0",
        "subfields": [
          {
            "a": "WB 15"
          },
          {
            "b": "I616 1983"
          }
        ]
      }
    },
    {
      "082": {
        "ind1": "0",
        "ind2": "4",
        "subfields": [
          {
            "a": "616.2003"
          },
          {
            "b": "INT"
          }
        ]
      }
    },
    {
      "245": {
        "ind1": "0",
        "ind2": "0",
        "subfields": [
          {
            "a": "International nomenclature of diseases."
          }
        ]
      }
    },
    {
      "250": {
        "ind1": "\\",
        "ind2": "\\",
        "subfields": [
          {
            "a": "1st ed."
          }
        ]
      }
    },
    {
      "260": {
        "ind1": "\\",
        "ind2": "\\",
        "subfields": [
          {
            "a": "Geneva :"
          },
          {
            "b": "CIOMS ;"
          },
          {
            "a": "Albany, N.Y. :"
          },
          {
            "b": "Obtained from WHO Publications Centre USA,"
          },
          {
            "c": "<1979-1982>"
          }
        ]
      }
    },
    {
      "300": {
        "ind1": "\\",
        "ind2": "\\",
        "subfields": [
          {
            "a": "volumes <2, part 2-3, 3> ;"
          },
          {
            "c": "21 cm"
          }
        ]
      }
    },
    {
      "336": {
        "ind1": "\\",
        "ind2": "\\",
        "subfields": [
          {
            "a": "text"
          },
          {
            "b": "txt"
          },
          {
            "2": "rdacontent"
          }
        ]
      }
    },
    {
      "337": {
        "ind1": "\\",
        "ind2": "\\",
        "subfields": [
          {
            "a": "unmediated"
          },
          {
            "b": "n"
          },
          {
            "2": "rdamedia"
          }
        ]
      }
    },
    {
      "338": {
        "ind1": "\\",
        "ind2": "\\",
        "subfields": [
          {
            "a": "volume"
          },
          {
            "b": "nc"
          },
          {
            "2": "rdacarrier"
          }
        ]
      }
    },
    {
      "500": {
        "ind1": "\\",
        "ind2": "\\",
        "subfields": [
          {
            "a": "\"A joint project of the Council for International Organizations of Medical Sciences and the World Health Organization.\""
          }
        ]
      }
    },
    {
      "500": {
        "ind1": "\\",
        "ind2": "\\",
        "subfields": [
          {
            "a": "Includes index."
          }
        ]
      }
    },
    {
      "505": {
        "ind1": "1",
        "ind2": "\\",
        "subfields": [
          {
            "a": "v. 2, pt. 2. Infectious diseases: mycoses -- v. 2., pt. 3. Infectious diseases: viral diseases -- v. 3. Diseases of the lower respiratory tract."
          }
        ]
      }
    },
    {
      "530": {
        "ind1": "\\",
        "ind2": "\\",
        "subfields": [
          {
            "a": "Also issued online."
          }
        ]
      }
    },
    {
      "650": {
        "ind1": "\\",
        "ind2": "0",
        "subfields": [
          {
            "a": "Virus diseases"
          },
          {
            "v": "Nomenclature."
          }
        ]
      }
    },
    {
      "650": {
        "ind1": "\\",
        "ind2": "2",
        "subfields": [
          {
            "a": "Terminology as Topic"
          }
        ]
      }
    },
    {
      "650": {
        "ind1": "\\",
        "ind2": "7",
        "subfields": [
          {
            "a": "Virus diseases."
          },
          {
            "2": "fast"
          },
          {
            "0": "(OCoLC)fst01167739"
          }
        ]
      }
    },
    {
      "655": {
        "ind1": "\\",
        "ind2": "7",
        "subfields": [
          {
            "a": "Terminology."
          },
          {
            "2": "fast"
          },
          {
            "0": "(OCoLC)fst01423880"
          }
        ]
      }
    },
    {
      "710": {
        "ind1": "2",
        "ind2": "\\",
        "subfields": [
          {
            "a": "Council for International Organizations of Medical Sciences."
          }
        ]
      }
    },
    {
      "710": {
        "ind1": "2",
        "ind2": "\\",
        "subfields": [
          {
            "a": "World Health Organization."
          }
        ]
      }
    },
    {
      "776": {
        "ind1": "0",
        "ind2": "8",
        "subfields": [
          {
            "i": "Online version:"
          },
          {
            "t": "International nomenclature of diseases."
          },
          {
            "b": "1st ed."
          },
          {
            "d": "Geneva : CIOMS ; Albany, N.Y. : Obtained from WHO Publications Centre USA, <1979-1982>"
          },
          {
            "w": "(OCoLC)561901641"
          }
        ]
      }
    },
    {
      "994": {
        "ind1": "\\",
        "ind2": "\\",
        "subfields": [
          {
            "a": "Z0"
          },
          {
            "b": "NYRVC"
          }
        ]
      }
    },
    {
      "948": {
        "ind1": "\\",
        "ind2": "\\",
        "subfields": [
          {
            "h": "NO HOLDINGS IN NYRVC - 47 OTHER HOLDINGS"
          }
        ]
      }
    },
    {
      "999": {
        "ind1": "\\",
        "ind2": "\\",
        "subfields": [
          {
            "a": "no barcode"
          },
          {
            "v": "volume 3"
          }
        ]
      }
    },
    {
      "999": {
        "ind1": "\\",
        "ind2": "\\",
        "subfields": [
          {
            "a": "no barcode"
          },
          {
            "v": "volume 3"
          }
        ]
      }
    }
  ]
}